@book{goodfellow2016deeplearning,
    title = {{Deep Learning}},
    year = {2016},
    booktitle = {MIT Press},
    author = {Goodfellow, Ian and Yoshua, Bengio and Aaron, Courville},
    isbn = {9780262337434},
    doi = {10.1142/S1793351X16500045},
    issn = {1793-351X},
    pmid = {10463930},
    arxivId = {arXiv:1312.6184v5}
}
